@manual{lab7-manual,
    author = {Hui Hu},
    title = {Quantifications of the Turbulence Characteristics in the Wake of an Airfoil by using a Hotwire Anemometer},
    year = {2024},
    organization = {Iowa State University},
    url = {https://www.aere.iastate.edu/~huhui/teaching/2024-01S/AerE344/lab-instruction/AerE344L-Lab-07-instruction_hotwire-wake-meaurement.pdf},
}